
@book{charleDiscordanceTempsBreve2011,
	location = {Paris},
	title = {Discordance des temps : une brève histoire de la modernité},
	isbn = {978-2-200-27191-6},
	series = {Le temps des idées},
	shorttitle = {La discordance des temps},
	pagetotal = {494},
	publisher = {Armand Colin},
	author = {Charle, Christophe},
	date = {2011},
	keywords = {lu, Mémoire, modernité/historicité/Philo}
}

@book{reynaudpaligotRepubliqueRaciale186019302015,
	location = {Paris},
	title = {La République raciale (1860-1930)},
	abstract = {Des années 1860 aux années 1920, une culture raciale, présentant une vision hiérarchisée et inégalitaire du genre humain, a été largement présente au sein de la communauté savante et politique, du monde colonial et des sciences humaines et sociales en général. Cette recherche inédite et originale montre les liens entre pensée raciale et idéologie républicaine : un sujet encore peu connu. L'idéologie républicaine n'a pas échappé à une représentation inégalitaire de la différence.},
	pagetotal = {368},
	publisher = {Presses Universitaires de France},
	author = {Reynaud Paligot, Carole},
	date = {2015},
	note = {{OCLC}: 928590488},
	keywords = {État/républicanisme/libéralisme, Histoire des sciences/épistémologie, Livre physiqye, lu, Mémoire, race}
}

@book{balibarRaceNationClass1991,
	location = {Londres},
	title = {Race, Nation, Class: Ambiguous identities},
	pagetotal = {232},
	publisher = {Verso},
	author = {Balibar, Étienne and Wallerstein, Immanuel},
	date = {1991},
	keywords = {lu, Mémoire, nationalisme, race}
}

@collection{bancelInventionRaceRepresentations2014,
	location = {Paris},
	title = {L'invention de la race : des représentations scientifiques aux exhibitions populaires},
	pagetotal = {440},
	publisher = {La Découverte},
	editor = {Bancel, Nicolas and Thomas, David},
	date = {2014},
	keywords = {Expositions universelles, Histoire des sciences/épistémologie, lu, Mémoire, race}
}

@article{burtonWorldFairsAnthropology1981,
	title = {World’s Fairs and Anthropology},
	volume = {1},
	pages = {15--16},
	number = {4},
	journaltitle = {World’s Fair},
	author = {Burton, Benedict},
	date = {1981},
	keywords = {Expositions universelles, race}
}

@article{burtonInternationalExhibitionsNational1991,
	title = {International Exhibitions and National Identity},
	volume = {6},
	pages = {5--9},
	journaltitle = {Anthropology Today},
	author = {Burton, Benedict},
	date = {1991},
	keywords = {Expositions universelles, lu, Mémoire, nationalisme},
}

@book{benjaminParisCapitaleXIXe2003,
	location = {Paris},
	title = {Paris, capitale du {XIXe} siècle},
	pagetotal = {64},
	publisher = {Allia},
	author = {Benjamin, Walter},
	date = {2003},
	keywords = {Expositions universelles, modernité/historicité/Philo},
}

@book{carreExpositionsUniversellesFrance2012,
	location = {Paris},
	title = {Les expositions universelles en France au {XIX} siècle, Techniques, publics, patrimoine},
	pagetotal = {482},
	publisher = {{CNRS}},
	author = {Carré, Anne Laure and Corcy, Marie-Sophie and Demeulenaere-Douyère, Christiane and Hilaire-Perez, Liliane},
	date = {2012},
	keywords = {Expositions universelles, france, Livre physiqye, lu, Mémoire},
	 = {Carré et al., 2012 - Les expositions universelles en France au XIX siècle, Techniques, publics, patrimoine.doc:/Users/EstebanSanchez/Google Drive/Bibliothèques/Bibliothèque Zotero/Carré et al., 2012 - Les expositions universelles en France au XIX siècle, Techniques, publics, patrimoine.doc:application/msword;Carré et al., 2012 - Les expositions universelles en France au XIX siècle, Techniques, publics, patrimoine.pdf:/Users/EstebanSanchez/Google Drive/Bibliothèques/Bibliothèque Zotero/Carré et al., 2012 - Les expositions universelles en France au XIX siècle, Techniques, publics, patrimoine.pdf:application/pdf}
}

@book{conklinExposerHumaniteRace2015,
	location = {Paris},
	title = {Exposer l’Humanité. Race, ethnologie et empire en France (1850-1950)},
	pagetotal = {541},
	publisher = {Publications scientifiques du Muséum national d’Histoire naturelle},
	author = {Conklin, Alice},
	date = {2015},
	keywords = {Histoire des sciences/épistémologie, race}
}

@article{corbeyEthnographicShowcases187019301992,
	title = {Ethnographic Showcases, 1870-1930},
	pages = {338--369},
	number = {2},
	journaltitle = {Cultural Anthropology},
	author = {Corbey, Raymond},
	date = {1992},
	keywords = {Expositions universelles, Histoire des sciences/épistémologie, race},
}

@collection{demeulenaere-douyereExotiquesExpositionsExpositions2010,
	location = {Paris},
	title = {Exotiques expositions... Les expositions universelles et les cultures extra-européennes, France, 1855-1937},
	pagetotal = {215},
	publisher = {Archives nationales/Somogy},
	editor = {Demeulenaere-Douyère, Christiane},
	date = {2010},
	keywords = {Expositions universelles, france, lu, Mémoire, Subalternité},
}

@collection{demeulenaere-douyereExpositionsUniversellesIdentites2014,
	location = {Rennes},
	title = {Les expositions universelles. Les identités au défi de la modernité},
	pagetotal = {234},
	publisher = {Presses universitaires de Rennes},
	editor = {Demeulenaere-Douyère, Christiane and Hilaire-Perez, Liliane},
	date = {2014},
	keywords = {Expositions universelles, france, lu, Mémoire, modernité/historicité/Philo},
}

@book{diasMuseeEthnographieTrocadero1991,
	location = {Paris},
	title = {Le Musée d’ethnographie du Trocadéro (1878-1908). Anthropologie et muséologie en France},
	pagetotal = {310},
	publisher = {{CNRS}},
	author = {Dias, Nélia},
	date = {1991},
	keywords = {france, Histoire des sciences/épistémologie, race}
}

@book{diasMesureSensAnthropologues2004,
	location = {Paris},
	title = {La mesure des sens : les anthropologues et le corps humain au {XIXe} siècle},
	pagetotal = {357},
	publisher = {Aubier},
	author = {Dias, Nélia},
	date = {2004},
	keywords = {Histoire des sciences/épistémologie, race}
}

@book{greenhalghEphemeralVistasExpositions1988,
	location = {Manchester},
	title = {Ephemeral Vistas : The Expositions Universelles, Great Exhibitions and World’s Fairs, 1851-1939},
	pagetotal = {245},
	publisher = {Manchester University Press},
	author = {Greenhalgh, Paul},
	date = {1988},
	keywords = {Expositions universelles, lu, Mémoire}
}

@article{hauserEntreSoftPower2015,
	title = {Entre soft power, compétition économique et divertissement de masse : les expositions internationales aux {XIXe} et {XXe} siècles},
	pages = {3--8},
	number = {164},
	journaltitle = {Relations internationales},
	author = {Hauser, Claude and Valloton, François},
	date = {2015},
	keywords = {Expositions universelles},
}

@incollection{hodeirExhibitionsHumainesDans2014,
	location = {Paris},
	title = {Les exhibitions humaines dans les expositions universelles : entre catégorisation scientifique et exotisme ? World's Columbian Exposition, Chicago, 1893},
	pages = {247--259},
	booktitle = {L’invention de la race : des représentations scientifiques aux exhibitions populaires},
	publisher = {La Découverte},
	author = {Hodeir, Catherine},
	editor = {Bancel, Nicolas and Thomas, David},
	date = {2014},
	keywords = {Expositions universelles, france, Histoire des sciences/épistémologie, lu, Mémoire, race},
}

@inbook{lopez-oconcabreraExhibicionPoderCiencia1998,
	location = {Lisbonne},
	title = {La exhibición del poder de la ciencia. La América Latina en el escenario de las exposiciones universales del siglo {XIX}},
	pages = {67--90},
	booktitle = {O mundo ibero-americano nas grandes exposiçoes},
	publisher = {Vega},
	author = {López-Ocón Cabrera, Leoncio},
	bookauthor = {Cardoso de Matos, Ana and Guedes, María Estela and Mourao, José Augusto},
	date = {1998},
	keywords = {América latina, Expositions universelles, Histoire des sciences/épistémologie, México}
}

@book{nelmsThirdRepublicCentennial1987,
	location = {New York},
	title = {The third Republic and the Centennial of 1789},
	pagetotal = {304},
	author = {Nelms, Brenda},
	date = {1987},
	keywords = {Expositions universelles}
}

@article{noelExpositionUniverselle18782014,
	title = {Exposition universelle de 1878. L’archéologie au service des contestations contemporaines},
	pages = {13},
	number = {18},
	journaltitle = {Diacronie},
	author = {Noël, Bastien},
	date = {2014},
	keywords = {Expositions universelles, france},
}

@book{oryExpositionsUniversellesParis1982,
	location = {Paris},
	title = {Les expositions universelles de Paris},
	pagetotal = {158},
	publisher = {Ramsay},
	author = {Ory, Pascal},
	date = {1982},
	keywords = {Expositions universelles, france}
}

@misc{oryExpositionsUniverselles18512010,
	title = {Les expositions universelles, de 1851 à 2010 : huit fonctions de la modernité},
	author = {Ory, Pascal},
	date = {2010},
	keywords = {Expositions universelles, modernité/historicité/Philo},
}

@book{pinotdevillechenonExpositionsUniverselles1992,
	location = {Paris},
	title = {Les expositions universelles},
	series = {Que sais-je ?},
	pagetotal = {126},
	publisher = {Presses Universitaires de France},
	author = {Pinot de Villechenon, Florence},
	date = {1992},
	keywords = {Expositions universelles, lu, Mémoire}
}

@inbook{przyblyskiVisionsRaceNation2001,
	location = {Amsterdam},
	title = {Visions of Race and Nation at the Paris Exposition, 1900: A French Context for the American Negro Exhibit},
	pages = {209--244},
	booktitle = {National Stereotypes in Perspective: Americans in France, Frenchmen in America},
	publisher = {Rodopi},
	author = {Przyblyski, Jeannene},
	bookauthor = {Chew, William},
	date = {2001},
	keywords = {Expositions universelles, nationalisme, race}
}

@article{rasmussenCongresInternationauxLies1989,
	title = {Les Congrès internationaux liés aux Expositions universelles de Paris (1867-1900)},
	pages = {23--44},
	number = {7},
	journaltitle = {Mil neuf cent},
	author = {Rasmussen, Anne},
	date = {1989},
	keywords = {Expositions universelles, france},
}

@inbook{reynaudpaligotConstructionCirculationNotion2014,
	title = {Construction et circulation de la notion de « race » au cours du {XIX} siècle},
	pages = {103--116},
	booktitle = {L’invention de la race : des représentations scientifiques aux exhibitions populaires},
	publisher = {La Découverte},
	author = {Reynaud Paligot, Carole},
	bookauthor = {Bancel, Nicolas and David, Thomas},
	date = {2014},
	keywords = {Histoire des sciences/épistémologie, lu, Mémoire, race},
}

@book{rupp-eisenreichHistoiresAnthropologieXVIXIX1984,
	location = {Paris},
	title = {Histoires de l’anthropologie ({XVI}-{XIX} siècle), colloque « La pratique de l’anthropologie aujourd’hui »},
	pagetotal = {447},
	publisher = {Klincksieck},
	author = {Rupp-Eisenreich, Britta},
	date = {1984},
	keywords = {Histoire des sciences/épistémologie, lu, Mémoire, race}
}

@book{smithEthnicityNationalism1992,
	location = {New York},
	title = {Ethnicity and Nationalism},
	pagetotal = {130},
	publisher = {Leiden},
	author = {Smith, Anthony},
	date = {1992},
	keywords = {nationalisme, race}
}

@book{blanckaertRaceEvolutionPaul2011,
	location = {Paris},
	title = {De la race à l'évolution: Paul Broca et l'anthropologie française (1850 - 1900)},
	isbn = {978-2-296-10511-9},
	shorttitle = {De la race à l'évolution},
	pagetotal = {616},
	publisher = {Harmattan},
	author = {Blanckaert, Claude},
	date = {2011},
	note = {{OCLC}: 838678701},
	keywords = {Histoire des sciences/épistémologie, lu, Mémoire, race}
}

@book{blanckaertNatureSocieteOrganicisme2014,
	location = {Paris},
	title = {La nature de la société : organicisme et sciences sociales au {XIXe} siècle},
	isbn = {978-2-7475-7691-8},
	shorttitle = {La nature de la société},
	pagetotal = {158},
	publisher = {L'Harmattan},
	author = {Blanckaert, Claude},
	date = {2014},
	note = {{OCLC}: 955489669},
	keywords = {Histoire des sciences/épistémologie, lu, Mémoire, positivisme}
}

@book{blanckaertHistoireSciencesHomme1999,
	location = {Paris},
	title = {l’Histoire des sciences de l’Homme. Trajectoire, enjeux et questions vives},
	pagetotal = {308},
	publisher = {L'Harmattan},
	author = {Blanckaert, Claude},
	date = {1999},
	keywords = {Histoire des sciences/épistémologie, lu, Mémoire, race}
}

@book{noeldenieulSauvageCiviliseAu2007,
	location = {Paris},
	title = {Le sauvage et le civilisé au siècle des Lumières. Essai sur les origines de la culture materielle},
	pagetotal = {83},
	publisher = {L'Harmattan},
	author = {Noël Denieul, Pierre},
	date = {2007},
	keywords = {lu, Material culture, Mémoire, modernité/historicité/Philo, race}
}

@book{pestreHistoireSciencesSavoirs2015,
	location = {Paris},
	title = {Histoire des sciences et des savoirs. Tome 2 : Modernité et globalisation},
	isbn = {978-2-02-107677-6},
	pagetotal = {456},
	publisher = {Seuil},
	author = {Pestre, Dominique and Alexander, Amir and Berlivet, Luc and Aubin, David and Raj, Kapil and Sibum, Heinz Otto},
	date = {2015},
	note = {{OCLC}: 926039463},
	keywords = {Histoire des sciences/épistémologie, lu, Mémoire, Nature/Territoire, race, Subalternité}
}

@book{duchetAnthropologieHistoireAu1996,
	location = {Paris},
	title = {Anthropologie et histoire au siècle des Lumières},
	pagetotal = {608},
	publisher = {Albin Michel},
	author = {Duchet, Michèle},
	date = {1996},
	keywords = {Histoire des sciences/épistémologie, lu, Mémoire, modernité/historicité/Philo, race}
}

@book{michaudInvasionsBarbaresGenealogie2015,
	location = {Paris},
	title = {Les invasions barbares. Une généalogie de l’histoire de l’art},
	pagetotal = {301},
	publisher = {Gallimard},
	author = {Michaud, Éric},
	date = {2015},
	keywords = {Histoire de l'art/Visual studies, lu, Mémoire, race}
}

@incollection{porterWritingHistorySocial2003,
	location = {Cambridge},
	title = {Writing the History of Social Science},
	pages = {1--10},
	booktitle = {The Cambridge History of Science vol. 7, The Modern Social Sciences},
	publisher = {Cambridge University Press},
	author = {Porter, Theodore and Ross, Dorothy},
	date = {2003},
	keywords = {Histoire des sciences/épistémologie, lu, Mémoire, race}
}

@article{blanckaertSpectaclesEthniquesCulture2002,
	title = {Spectacles ethniques et culture de masse au temps des colonies},
	pages = {223--232},
	number = {7},
	journaltitle = {Revue d'Histoire des Sciences Humaines},
	author = {Blanckaert, Claude},
	date = {2002},
	keywords = {race, Subalternité},
}

@incollection{vasseurAutourExotismeAlterite2010,
	location = {Paris},
	title = {Autour de l’exotisme et de l’altérité dans les expositions universelles et internationales : premier bilan d’un renouveau historiographique},
	pages = {215},
	booktitle = {Exotiques expositions... Les expositions universelles et les cultures extra-européennes, France, 1855-1937},
	publisher = {Archives nationales/Somogy},
	author = {Vasseur, Édouard},
	editor = {Demeulenaere-Douyère, Christiane},
	date = {2010},
	keywords = {Expositions universelles, france, Subalternité}
}

@incollection{legoffOrigineMuseeTrocadero2010,
	title = {À l’origine du musée du Trocadéro : les missions scientifiques du ministère de l’Instruction publique},
	pages = {216},
	booktitle = {Exotiques expositions... Les expositions universelles et les cultures extra-européennes, France, 1855-1937},
	publisher = {Archives nationales/Somogy},
	author = {Le Goff, Armelle},
	editor = {Demeulenaere-Douyère, Christiane},
	date = {2010},
	keywords = {Expositions universelles, france}
}

@book{schaubPourHistoirePolitique2015,
	location = {Paris},
	title = {Pour une histoire politique de la race},
	isbn = {978-2-02-123701-6},
	abstract = {La parole politique et le débat public sont désorientés. Toute discrimination et toute distinction collective semblent relever d’une intention raciale. Dans le même temps, il est question de gommer le terme « race » de notre Constitution. Les sciences sociales observent les progrès des connaissances dans les domaines de la génétique comme menace pour elles-mêmes et peut-être pour la société. Si les progrès des sciences de la vie ne renforcent pas les inepties de la pensée raciste, ils ne les dissipent pas non plus.

Dans ce moment de tensions politiques et d’incertitude intellectuelle, l’histoire de la formation des catégories raciales offre des repères pour notre époque. Le dépaysement dans le temps et dans l’espace, qui demeure le propre de l’histoire, est sans doute la voie la plus efficace pour mieux comprendre ce qui nous arrive.

L’histoire raconte comment les sociétés et les institutions ont fait et font appel à la « différence naturelle » pour créer et recréer de la division en leur sein. C’est cela la politique raciale à l’âge contemporain : s’en prendre aux Afro-Américains, surtout lorsqu’ils deviennent citoyens, et imaginer le Juif biologique pour contrer l’intégration des juifs.

L’histoire permet de comprendre en quoi la « race » est de part en part politique.},
	publisher = {Éditions du Seuil},
	author = {Schaub, Jean-Frédéric},
	date = {2015},
	note = {{OCLC}: 910528601},
	keywords = {Important, race, Subalternité},
}

@incollection{demeulenaere-douyereEntreArcheologieSavante2014,
	location = {Rennes},
	title = {Entre archéologie savante, intention politique et divertissement grand public : La Révélation du Mexique ancien dans les expositions universelles (1867-1889)},
	pages = {234},
	booktitle = {Les expositions universelles. Les identités au défit de la modernité},
	publisher = {Presses universitaires de Rennes},
	author = {Demeulenaere-Douyère, Christiane},
	editor = {Demeulenaere-Douyère, Christiane and Hilaire-Perez, Liliane},
	date = {2014},
	keywords = {Expositions universelles, México, nationalisme}
}

@article{schusterWorldFairsSpaces2018,
	title = {The world’s fairs as spaces of global knowledge: Latin American archaeology and anthropology in the age of exhibitions},
	volume = {13},
	issn = {1740-0228, 1740-0236},
	url = {https://www.cambridge.org/core/journals/journal-of-global-history/article/worlds-fairs-as-spaces-of-global-knowledge-latin-american-archaeology-and-anthropology-in-the-age-of-exhibitions/3AFB17171CD53C1E91B53B64D6E19948},
	doi = {10.1017/S1740022817000298},
	shorttitle = {The world’s fairs as spaces of global knowledge},
	abstract = {At the end of the nineteenth century, Brazil, Mexico, and Peru were among the countries participating in the most important world’s fairs in Europe and North America. These mass gatherings focused on national self-images as well as technological development and commodities, but the Latin American exhibition organizers also understood them to be transnational spaces that contributed to the mobility of persons, objects, and knowledge. In this context, the scientific display of pre-Columbian ‘antiquities’ was regarded as being as important as the participation in archaeological and anthropological congresses. By understanding the world’s fairs as ‘spaces of global knowledge’, this article highlights the agency of Latin American scientists, intellectuals, and collectors in the transnational endeavour to create a ‘Latin American antiquity’ at the fairgrounds. Although most fair attendees sought to study and display the pre-Columbian past in an objective manner, the older dream of (re-)constructing the splendour of America’s ancient civilizations never completely vanished.},
	pages = {69--93},
	number = {1},
	journaltitle = {Journal of Global History},
	author = {Schuster, Sven},
	urldate = {2019-08-05},
	date = {2018},
	langid = {english},
	keywords = {América latina, Expositions universelles, France-Mexique, Histoire des sciences/épistémologie, Histoire globale, Important, lu, México},
}

@article{vasseurPourquoiOrganiserExpositions2005,
	title = {Pourquoi organiser des Expositions universelles? Le « succès » de l'Exposition universelle de 1867},
	volume = {24},
	issn = {0752-5702},
	url = {http://www.cairn.info/revue-histoire-economie-et-societe-2005-4-page-573.htm},
	shorttitle = {Pourquoi organiser des Expositions universelles?},
	abstract = {{\textless}titre{\textgreater}Résumé{\textless}/titre{\textgreater}La France est l’inventeur et le principal organisateur des expositions industrielles au xixe siècle. L’objectif de l’auteur est de s’interroger sur les raisons de cet engouement, désormais disparu, à travers l’exemple de l’Exposition universelle de 1867 à Paris, considérée comme un succès. L’organisation des expositions, notamment celle de 1867, résulte de la conjonction de plusieurs volontés. Celle des industriels, qui les considèrent comme un élément clé de leur stratégie commerciale grâce aux médailles et récompenses, instruments de validation de la qualité industrielle. Celle du gouvernement, promoteur de cette économie de la qualité dont la politique commerciale libérale constitue un volet. Celle des intellectuels, soucieux d’améliorer l’esthétique des produits français et de renforcer la formation professionnelle des ouvriers. La préparation de l’Exposition est dominée par des spécialistes des expositions, dominés par Frédéric Le Play, qui y synthétise son expérience. La qualité de l’organisation joue un rôle majeur dans le succès de l’événement. Cependant, la volonté d’assurer un bénéfice financier introduit des nouveautés majeures dans les expositions: démultiplication des lieux d’exposition avec la création des pavillons; ouverture à de nouvelles problématiques, notamment la question sociale; plus grande liberté laissée aux exposants pour préparer leur installation. La voie est ouverte vers le gigantisme et le spectacle, au-delà de l’objectif initial. L’Exposition est un succès populaire (11 millions de visiteurs) et financier. Paris, pour un été, est un lieu de fête. Les résultats de l’Exposition sont cependant loin de répondre aux attentes. Certes, l’industrie s’est modernisée et la France conserve son rang en matière d’arts décoratifs, mais la progression des États-Unis et des États allemands est patente. Quant aux idées sociales des organisateurs (patronage), elles ne reçurent un écho favorable qu’auprès de l’élite, et non auprès des ouvriers. Les expositions universelles sont au cœur du système qualitatif de l’économie française du xixe siècle. Leur marche vers le gigantisme et le festif ainsi que leur ouverture vers des questions non directement industrielles conduira néanmoins à un dégoût qui se traduira, après 1900, par un refus de renouveler l’expérience.},
	pages = {573--594},
	journaltitle = {Histoire, économie \& société},
	author = {Vasseur, Édouard},
	urldate = {2020-12-31},
	date = {2005},
	langid = {french},
	note = {Publisher: Armand Colin},
	keywords = {Expositions universelles, lu},
}

@article{vaillantAlphabetVieuxslave1955,
	title = {L’Alphabet vieux-slave},
	pages = {7--31},
	number = {32},
	journaltitle = {Revue des études slaves},
	author = {Vaillant, André},
	date = {1955}
}

@article{gippertEncodingAvestanProblems2012,
	title = {The Encoding of Avestan — Problems and Solutions},
	pages = {1--24},
	number = {27},
	journaltitle = {Journal for Language Technology and Computational Linguistics},
	author = {Gippert, Jost},
	date = {2012}
}

@book{CongresInternationalSciences1881,
	location = {Paris},
	title = {Congrès international des sciences ethnographiques tenu à Paris du 15 au 17 juillet 1878},
	series = {Comptes rendus sténographiques publiés sous les auspices du comité central des congrès et conférences et la direction de M. {CH}. Thirion, secrétaire du comité, avec le concours des bureaux des congrès et des auteurs des conférences.},
	number = {5 de la série},
	publisher = {Imprimerie nationale},
	date = {1881},
	keywords = {source primaire},
}